@book{Mandelbrot2009,
  author    = {B. Mandelbrot},
  title     = {La Geometr\'ia Fractal de la Naturaleza},
  publisher = {Tusquets Editores S.A.},
  year      = {2009}
}

@article{Einstein1935,
  title   = {Can Quantum-Mechanical Description of Physical Reality Be Considered Complete?},
  author  = {Einstein, A. and Podolsky, B. and Rosen, N.},
  journal = {Physical Review},
  volume  = {47},
  pages   = {777},
  year    = {1935}
}

@online{overleaf2022,
  author  = {Overleaf},
  title   = {Overleaf Tutorials},
  url     = {https://es.overleaf.com/learn/latex/Tutorials},
  year    = {2024},
  urldate = {2024}
}
