@book{Mandelbrot2009,
  author    = {B. Mandelbrot},
  title     = {La Geometr\'ia Fractal de la Naturaleza},
  publisher = {Tusquets Editores S.A.},
  year      = {2009}
}

@article{Einstein1935,
  title   = {Can Quantum-Mechanical Description of Physical Reality Be Considered Complete?},
  author  = {Einstein, A. and Podolsky, B. and Rosen, N.},
  journal = {Physical Review},
  volume  = {47},
  pages   = {777},
  year    = {1935}
}

@online{CristalesOpticos,
  author = {M Olmo R Nave},
  title  = {Hyperphysics: Cristales Ópticos},
  url    = {http://hyperphysics.phy-astr.gsu.edu/hbasees/geoopt/glass.html},
  year   = {2025}
}
@manual{InfoOpticaPrisma,
  author = {Departamento de Óptica. Universidad de Granada},
  title  = {ESTUDIO DEL PRISMA
            TRABAJO PREVIO: ESTUDIO DEL PRISMA}
}