@book{BetLab,
    author =Applied_Physics ,
    title = {Laboratory manual.
Basic Experimental techniques.
Department of Applied Physics} ,
    year = 2024
}
@online{Barometer,
    author={David M. Harrison},
    title={Barometer},
    url={https://faraday.physics.utoronto.ca/GeneralInterest/Harrison/Barometer/Barometer.html}
}
@manual{M10BisMovimientodeRotacionYSteiner,
    title = {M10Bis: M10bis. MOVIMIENTO DE ROTACIÓN, MOMENTO DE INERCIA Y TEOREMA DE STEINER},
    author = {D. Blanco Navarro and M. Rodríguez Valverde},
    year = {2023},
}


@online{Thermo,
    author={HyperPhysics},
    title={Thermo},
    url={http://hyperphysics.phy-astr.gsu.edu/hbasees/Kinetic/shegas.html#c3}
}